,2019-09-30,2019-06-30,2019-03-31,2018-12-31,2018-09-30,2018-06-30,2018-03-31,2017-12-31,2017-09-30,2017-06-30,2017-03-31,2016-12-31,2016-09-30,2016-06-30,2016-03-31,2015-12-31,2015-09-30,2015-06-30,2015-03-31,2014-12-31,2014-09-30,2014-06-30,2014-03-31,2013-12-31,2013-09-30,2013-06-30,2013-03-31,2012-12-31,2012-09-30,2012-06-30,2012-03-31,2011-12-31,2011-09-30,2011-06-30,2011-03-31,2010-12-31,2010-09-30,2010-06-30,2010-03-31,2009-12-31,2009-09-30,2009-06-30,2009-03-31,2008-12-31,2008-09-30,2008-06-30,2008-03-31,2007-12-31,2007-09-30,2007-06-30,2007-03-31,2006-09-30,2006-06-30
revenue,48.768,44.13,34.046,32.644,20.596,21.309,16.696,14.729,10.874,7.158,4.169,2.831,2.127,,,,,,,,0.293,0.475,0.456,0.324,0.039,,,0.0,,10.637,7.774,5.63,5.798,4.04,5.966,,,,,49.478,4.913,5.361,4.606,4.347,3.653,3.807,3.16,,,,,,
cost-goods-sold,5.596,5.367,4.055,4.344,4.31,3.135,2.615,2.61,1.79,1.061,0.775,0.489,0.344,,,,,,,,,,,,,,,,,,,,,,,,,,,,,,,,,,,,,,,,
gross-profit,43.172,38.763,29.991,28.3,16.286,18.174,14.081,12.119,9.084,6.097,3.394,2.342,1.783,,,,,,,,0.293,0.475,0.456,0.324,0.039,,,0.0,,10.637,7.774,5.63,5.798,4.04,5.966,,,,,49.478,4.913,5.361,4.606,4.347,3.653,3.807,3.16,,,,,,
research-development-expenses,58.892,70.981,64.593,57.217,138.227,34.66,40.798,45.808,40.641,31.985,30.876,30.63,32.457,18.281,23.425,22.625,20.971,17.234,16.113,15.605,12.049,9.978,9.992,9.12,10.11,10.725,11.989,11.047,11.499,13.723,14.004,14.402,13.711,11.618,11.125,13.154,8.862,8.137,8.889,10.127,12.609,13.47,11.875,13.775,8.2,8.848,6.941,9.669,7.537,6.783,7.085,6.725,6.691
selling-general-administrative-expenses,39.68,42.578,44.303,38.765,31.867,29.172,27.396,28.581,21.647,19.311,19.132,18.681,17.469,19.3,15.701,17.192,15.372,8.278,6.427,5.518,5.27,4.753,5.176,4.605,4.635,4.83,4.823,4.455,4.995,5.819,4.095,3.917,4.841,6.72,4.402,3.823,3.892,4.02,3.925,4.338,5.217,5.223,5.195,4.991,4.371,5.118,5.186,5.285,3.954,3.189,2.85,3.783,2.563
other-operating-income-expenses,-0.789,-0.48,-1.383,-0.6,-1.3,-0.3,-1.1,-4.3,-221.177,-1.05,-4.578,2.468,4.11,-10.186,-3.152,-1.025,-1.3,-1.052,-1.0,-0.5,0.6,0.305,-0.505,,0.0,,,,,,,,,,,,,,,,,,,,,,,,,,,,
operating-expenses,106.073,120.56,115.325,102.127,176.777,68.24,72.878,82.406,286.106,54.219,56.184,48.238,47.067,48.542,43.001,41.391,38.045,26.943,24.058,21.998,17.109,14.741,16.077,16.114,15.174,16.005,17.251,15.923,16.916,19.984,18.519,18.66,18.932,18.764,15.965,17.459,13.265,12.686,13.35,16.534,18.387,19.212,17.575,19.224,12.953,14.298,12.448,15.267,11.806,10.284,10.232,10.753,9.471
operating-income,-57.305,-76.43,-81.279,-69.483,-156.181,-46.931,-56.182,-67.677,-275.232,-47.061,-52.015,-45.407,-44.94,-48.542,-43.001,-41.391,-38.045,-26.943,-24.058,-21.998,-16.816,-14.266,-15.621,-15.79,-15.135,-16.005,-17.251,-15.923,-16.916,-9.347,-10.745,-13.03,-13.134,-14.724,-9.999,-17.459,-13.265,-12.686,-13.35,32.944,-13.474,-13.851,-12.969,-14.877,-9.3,-10.491,-9.288,-15.267,-11.806,-10.284,-10.232,-10.753,-9.471
total-non-operating-income-expense,-4.755,-7.404,-38.852,-7.59,-3.033,-14.563,4.874,-2.072,-1.117,-1.026,-2.921,-16.273,-1.967,-2.961,-0.69,-1.506,0.245,-0.19,-0.23,-0.335,-0.333,-0.348,-0.322,0.041,0.546,0.656,-0.207,2.663,0.626,0.004,-2.392,0.739,3.375,2.083,-3.351,0.31,-2.092,1.371,0.174,0.013,0.045,0.228,0.497,0.727,0.97,1.272,1.632,1.71,1.503,0.888,0.537,-0.89,0.847
pre-tax-income,-62.06,-83.834,-120.131,-77.073,-159.214,-61.494,-51.308,-69.749,-276.349,-48.087,-54.936,-61.68,-46.907,-51.503,-43.691,-42.897,-37.8,-27.133,-24.288,-22.333,-17.149,-14.614,-15.943,-15.749,-14.589,-15.349,-17.458,-13.26,-16.29,-9.343,-13.137,-12.291,-9.759,-12.641,-13.35,-16.227,-15.357,-11.315,-13.176,32.957,-13.429,-13.623,-12.472,-14.15,-8.33,-9.219,-7.656,-11.773,-10.303,-9.396,-9.695,-11.643,-8.624
total-provision-income-taxes,-0.251,0.717,0.168,1.01,-0.051,0.339,-1.392,-0.541,-164.683,0.049,0.056,-3.033,-0.253,-0.453,,,,,,,,,,,,,,,,,,,,,,,,,,,,,,,-0.15,0.075,0.075,,,,,,
income-after-taxes,,,,,,,,,,,,,,,,,,,,,,,,,,,,,,,,,,,,,,,,,,,,,,,,,,,,,
income-from-continuous-operations,,,,,,,,,,,,,,,,,,,,,,,,,,,,,,,,,,,,,,,,,,,,,,,,,,,,,
net-income,-61.809,-84.551,-120.299,-78.083,-159.163,-61.833,-49.916,-69.208,-111.666,-48.136,-54.992,-58.647,-46.654,-51.05,-43.691,-42.897,-37.8,-27.133,-24.288,-21.22,-17.149,-14.614,-15.943,-12.237,-14.589,-15.349,-17.458,-10.015,-16.29,-9.343,-13.137,-8.662,-9.759,-12.641,-13.35,-15.088,-15.357,-11.315,-13.176,32.957,-13.429,-13.623,-12.472,-14.15,-8.18,-9.294,-7.731,-11.773,-10.303,-9.706,-9.736,-11.684,-28.089
ebitda,-56.003,-74.821,-78.639,-65.174,-152.513,-43.286,-52.612,-64.046,-271.918,-43.936,-48.789,-43.556,-42.3,-47.775,-42.328,-40.814,-37.65,-26.59,-23.55,-21.634,-16.441,-13.87,-15.209,-15.389,-14.706,-15.555,-16.812,-15.502,-16.494,-8.905,-10.325,-12.688,-12.755,-14.298,-9.561,-16.978,-12.754,-12.156,-12.814,33.491,-12.913,-13.332,-12.464,-14.42,-8.917,-10.159,-8.967,-14.954,-11.491,-9.972,-9.935,-10.508,-9.471
ebit,-57.305,-76.43,-81.279,-69.483,-156.181,-46.931,-56.182,-67.677,-275.232,-47.061,-52.015,-45.407,-44.94,-48.542,-43.001,-41.391,-38.045,-26.943,-24.058,-21.998,-16.816,-14.266,-15.621,-15.79,-15.135,-16.005,-17.251,-15.923,-16.916,-9.347,-10.745,-13.03,-13.134,-14.724,-9.999,-16.537,-13.265,-12.686,-13.35,32.944,-13.474,-13.851,-12.969,-14.877,-9.3,-10.491,-9.288,-13.483,-11.806,-10.284,-10.232,-10.753,-9.471
basic-shares-outstanding,254.674,238.09,213.519,185.79,189.163,188.621,175.978,153.355,160.797,143.001,142.771,134.402,140.656,129.122,125.178,109.924,118.725,99.994,95.743,74.444,78.889,67.213,64.354,51.286,49.621,49.621,49.621,45.565,48.514,46.87,37.888,34.57,34.98,34.531,34.499,27.735,27.625,27.623,24.289,22.624,22.621,22.618,22.614,22.494,22.517,22.467,22.413,13.236,22.292,7.084,0.954,0.779,0.72
shares-outstanding,254.674,238.09,213.519,185.79,189.163,188.621,175.978,153.355,160.797,143.001,142.771,134.402,140.656,129.122,125.178,109.924,118.725,99.994,95.743,74.444,78.889,67.213,64.354,51.286,49.621,49.621,49.621,45.565,48.514,46.87,37.888,34.57,34.98,34.531,34.499,27.735,27.625,27.623,24.289,22.624,22.621,22.618,22.614,22.494,22.517,22.467,22.413,13.236,22.292,7.084,0.954,0.779,0.72
eps-basic-net-earnings-per-share,-0.24,-0.36,-0.56,-0.43,-0.84,-0.33,-0.28,-0.43,-0.69,-0.34,-0.39,-0.41,-0.33,-0.4,-0.35,-0.36,-0.32,-0.27,-0.25,-0.24,-0.22,-0.22,-0.25,-0.21,-0.29,-0.31,-0.35,-0.18,-0.34,-0.2,-0.35,-0.24,-0.28,-0.37,-0.39,-0.47,-0.56,-0.41,-0.54,1.45,-0.59,-0.6,-0.55,-0.64,-0.36,-0.41,-0.34,8.9,-0.46,-1.37,-10.21,-15.01,-39.04
eps-earnings-per-share-diluted,-0.24,-0.36,-0.56,-0.43,-0.84,-0.33,-0.28,-0.43,-0.69,-0.34,-0.39,-0.41,-0.33,-0.4,-0.35,-0.36,-0.32,-0.27,-0.25,-0.24,-0.22,-0.22,-0.25,-0.21,-0.29,-0.31,-0.35,-0.18,-0.34,-0.2,-0.35,-0.24,-0.28,-0.37,-0.39,-0.47,-0.56,-0.41,-0.54,1.45,-0.59,-0.6,-0.55,-0.64,-0.36,-0.41,-0.34,8.9,-0.46,-1.37,-10.21,-15.01,-39.04
